@misc{author2024,
    author = {Muhammad Shahid},
    title = {A typical I-V Characteristic of a conventional PN junction diode},
    year = {2021},
    url = {https://www.electronics-lab.com/wp-content/uploads/2021/07/PN-xtics.png},
    note = {Licensed under CC BY-SA 4.0}
}
